@article{maia2017equaccao,
  title={A equa{\c{c}}{\~a}o da onda},
  author={Maia, Aline de Ara{\'u}jo and others},
  year={2017},
  publisher={Universidade Federal da Para{\'\i}ba}
}

@article{halliday2009fundamentos,
  title={Fundamentos de f{\'\i}sica, vol. 2: gravita{\c{c}}{\~a}o, ondas e termodin{\^a}mica},
  author={Halliday, David and Resnick, Robert and Walker, Jearl},
  journal={Tradu{\c{c}}{\~a}o: Ronaldo S{\'e}rgio de Biasi},
  volume={10},
  year={2009}
}

@misc{Sit,
        title = "Pseudoaleatoriedade --- Wikipédia{,} a enciclopédia livre",
        author={{Wikipedia}},
        howpublished={Disponível em: \url{https://pt.wikipedia.org/wiki/Pseudoaleatoriedade#:}. Acesso em: 9 de setembro 2022},
        year="2021"
    }    

@misc{SitWik,
        title = "Pseudoaleatoriedade --- Wikipédia{,} a enciclopédia livre",
        author={{Wikipedia}},
        howpublished={Disponível em: \url{https://en.wikipedia.org/wiki/Linear_congruential_generator}. Acesso em: 10 de setembro 2022},
        year="2021"
    }    
